@article{touvron2023llama2,
  title={Llama 2: Open foundation and fine-tuned chat models},
  author={Touvron, Hugo and Martin, Louis and Stone, Kevin and Albert, Peter and Almahairi, Amjad and Babaei, Yasmine and Bashlykov, Nikolay and Batra, Soumya and Bhargava, Prajjwal and Bhosale, Shruti and others},
  journal={arXiv preprint arXiv:2307.09288},
  year={2023}
}
@article{lecun2022path,
  title={A path towards autonomous machine intelligence version 0.9. 2, 2022-06-27},
  author={LeCun, Yann},
  journal={Open Review},
  volume={62},
  year={2022}
}
@article{miao2021diverse,
  title={A diverse corpus for evaluating and developing English math word problem solvers},
  author={Miao, Shen-Yun and Liang, Chao-Chun and Su, Keh-Yih},
  journal={arXiv preprint arXiv:2106.15772},
  year={2021}
}
@article{hendrycks2021measuring,
  title={Measuring mathematical problem solving with the math dataset},
  author={Hendrycks, Dan and Burns, Collin and Kadavath, Saurav and Arora, Akul and Basart, Steven and Tang, Eric and Song, Dawn and Steinhardt, Jacob},
  journal={arXiv preprint arXiv:2103.03874},
  year={2021}
}
@article{tafjord2020proofwriter,
  title={Proofwriter: Generating implications, proofs, and abductive statements over natural language},
  author={Tafjord, Oyvind and Mishra, Bhavana Dalvi and Clark, Peter},
  journal={arXiv preprint arXiv:2012.13048},
  year={2020}
}
@article{han2022folio,
  title={Folio: Natural language reasoning with first-order logic},
  author={Han, Simeng and Schoelkopf, Hailey and Zhao, Yilun and Qi, Zhenting and Riddell, Martin and Benson, Luke and Sun, Lucy and Zubova, Ekaterina and Qiao, Yujie and Burtell, Matthew and others},
  journal={arXiv preprint arXiv:2209.00840},
  year={2022}
}
@article{saparov2022language,
  title={Language models are greedy reasoners: A systematic formal analysis of chain-of-thought},
  author={Saparov, Abulhair and He, He},
  journal={arXiv preprint arXiv:2210.01240},
  year={2022}
}
@misc{openai2023gpt4,
      title={GPT-4 Technical Report}, 
      author={OpenAI},
      year={2023},
      eprint={2303.08774},
      archivePrefix={arXiv},
      primaryClass={cs.CL}
}
@article{touvron2023llama,
  title={Llama: Open and efficient foundation language models},
  author={Touvron, Hugo and Lavril, Thibaut and Izacard, Gautier and Martinet, Xavier and Lachaux, Marie-Anne and Lacroix, Timoth{\'e}e and Rozi{\`e}re, Baptiste and Goyal, Naman and Hambro, Eric and Azhar, Faisal and others},
  journal={arXiv preprint arXiv:2302.13971},
  year={2023}
}
@article{brown2020language,
  title={Language models are few-shot learners},
  author={Brown, Tom and Mann, Benjamin and Ryder, Nick and Subbiah, Melanie and Kaplan, Jared D and Dhariwal, Prafulla and Neelakantan, Arvind and Shyam, Pranav and Sastry, Girish and Askell, Amanda and others},
  journal={Advances in neural information processing systems},
  volume={33},
  pages={1877--1901},
  year={2020}
}
@article{chowdhery2022palm,
  title={Palm: Scaling language modeling with pathways},
  author={Chowdhery, Aakanksha and Narang, Sharan and Devlin, Jacob and Bosma, Maarten and Mishra, Gaurav and Roberts, Adam and Barham, Paul and Chung, Hyung Won and Sutton, Charles and Gehrmann, Sebastian and others},
  journal={arXiv preprint arXiv:2204.02311},
  year={2022}
}
@article{bubeck2023sparks,
  title={Sparks of artificial general intelligence: Early experiments with gpt-4},
  author={Bubeck, S{\'e}bastien and Chandrasekaran, Varun and Eldan, Ronen and Gehrke, Johannes and Horvitz, Eric and Kamar, Ece and Lee, Peter and Lee, Yin Tat and Li, Yuanzhi and Lundberg, Scott and others},
  journal={arXiv preprint arXiv:2303.12712},
  year={2023}
}
@article{vaswani2017attention,
  title={Attention is all you need},
  author={Vaswani, Ashish and Shazeer, Noam and Parmar, Niki and Uszkoreit, Jakob and Jones, Llion and Gomez, Aidan N and Kaiser, {\L}ukasz and Polosukhin, Illia},
  journal={Advances in neural information processing systems},
  volume={30},
  year={2017}
}
@article{valmeekam2022large,
  title={Large Language Models Still Can't Plan (A Benchmark for LLMs on Planning and Reasoning about Change)},
  author={Valmeekam, Karthik and Olmo, Alberto and Sreedharan, Sarath and Kambhampati, Subbarao},
  journal={arXiv preprint arXiv:2206.10498},
  year={2022}
}
@article{ha2018world,
  title={World models},
  author={Ha, David and Schmidhuber, J{\"u}rgen},
  journal={arXiv preprint arXiv:1803.10122},
  year={2018}
}
@article{wei2022chain,
  title={Chain of thought prompting elicits reasoning in large language models},
  author={Wei, Jason and Wang, Xuezhi and Schuurmans, Dale and Bosma, Maarten and Chi, Ed and Le, Quoc and Zhou, Denny},
  journal={arXiv preprint arXiv:2201.11903},
  year={2022}
}
@article{zhou2022least,
  title={Least-to-most prompting enables complex reasoning in large language models},
  author={Zhou, Denny and Sch{\"a}rli, Nathanael and Hou, Le and Wei, Jason and Scales, Nathan and Wang, Xuezhi and Schuurmans, Dale and Bousquet, Olivier and Le, Quoc and Chi, Ed},
  journal={arXiv preprint arXiv:2205.10625},
  year={2022}
}
@article{wang2022self,
  title={Self-consistency improves chain of thought reasoning in language models},
  author={Wang, Xuezhi and Wei, Jason and Schuurmans, Dale and Le, Quoc and Chi, Ed and Zhou, Denny},
  journal={arXiv preprint arXiv:2203.11171},
  year={2022}
}
@article{cobbe2021training,
  title={Training verifiers to solve math word problems},
  author={Cobbe, Karl and Kosaraju, Vineet and Bavarian, Mohammad and Chen, Mark and Jun, Heewoo and Kaiser, Lukasz and Plappert, Matthias and Tworek, Jerry and Hilton, Jacob and Nakano, Reiichiro and others},
  journal={arXiv preprint arXiv:2110.14168},
  year={2021}
}
@article{geva2021did,
  title={Did aristotle use a laptop? a question answering benchmark with implicit reasoning strategies},
  author={Geva, Mor and Khashabi, Daniel and Segal, Elad and Khot, Tushar and Roth, Dan and Berant, Jonathan},
  journal={Transactions of the Association for Computational Linguistics},
  volume={9},
  pages={346--361},
  year={2021},
  publisher={MIT Press}
}
@article{west2021symbolic,
  title={Symbolic knowledge distillation: from general language models to commonsense models},
  author={West, Peter and Bhagavatula, Chandra and Hessel, Jack and Hwang, Jena D and Jiang, Liwei and Bras, Ronan Le and Lu, Ximing and Welleck, Sean and Choi, Yejin},
  journal={arXiv preprint arXiv:2110.07178},
  year={2021}
}
@article{liu2023gpteval,
  title={Gpteval: Nlg evaluation using gpt-4 with better human alignment},
  author={Liu, Yang and Iter, Dan and Xu, Yichong and Wang, Shuohang and Xu, Ruochen and Zhu, Chenguang},
  journal={arXiv preprint arXiv:2303.16634},
  year={2023}
}
@article{henaff2017model,
  title={Model-based planning with discrete and continuous actions},
  author={Henaff, Mikael and Whitney, William F and LeCun, Yann},
  journal={arXiv preprint arXiv:1705.07177},
  year={2017}
}
@article{browne2012survey,
  title={A survey of monte carlo tree search methods},
  author={Browne, Cameron B and Powley, Edward and Whitehouse, Daniel and Lucas, Simon M and Cowling, Peter I and Rohlfshagen, Philipp and Tavener, Stephen and Perez, Diego and Samothrakis, Spyridon and Colton, Simon},
  journal={IEEE Transactions on Computational Intelligence and AI in games},
  volume={4},
  number={1},
  pages={1--43},
  year={2012},
  publisher={IEEE}
}
@article{valmeekam2023planning,
  title={On the Planning Abilities of Large Language Models (A Critical Investigation with a Proposed Benchmark)},
  author={Valmeekam, Karthik and Sreedharan, Sarath and Marquez, Matthew and Olmo, Alberto and Kambhampati, Subbarao},
  journal={arXiv preprint arXiv:2302.06706},
  year={2023}
}
@book{kahneman2011thinking,
  title={Thinking, fast and slow},
  author={Kahneman, Daniel},
  year={2011},
  publisher={macmillan}
}
@book{craik1967nature,
  title={The nature of explanation},
  author={Craik, Kenneth James Williams},
  volume={445},
  year={1967},
  publisher={CUP Archive}
}
@book{bryson1975applied,
  title={Applied optimal control: optimization, estimation and control},
  author={Bryson, Arthur Earl},
  year={1975},
  publisher={CRC Press}
}
@article{leblond2021machine,
  title={Machine translation decoding beyond beam search},
  author={Leblond, R{\'e}mi and Alayrac, Jean-Baptiste and Sifre, Laurent and Pislar, Miruna and Lespiau, Jean-Baptiste and Antonoglou, Ioannis and Simonyan, Karen and Vinyals, Oriol},
  journal={arXiv preprint arXiv:2104.05336},
  year={2021}
}
@article{li2022language,
  title={Language Modeling with Latent Situations},
  author={Li, Belinda Z and Nye, Maxwell and Andreas, Jacob},
  journal={arXiv preprint arXiv:2212.10012},
  year={2022}
}
@article{jung2022maieutic,
  title={Maieutic prompting: Logically consistent reasoning with recursive explanations},
  author={Jung, Jaehun and Qin, Lianhui and Welleck, Sean and Brahman, Faeze and Bhagavatula, Chandra and Bras, Ronan Le and Choi, Yejin},
  journal={arXiv preprint arXiv:2205.11822},
  year={2022}
}
%% related work
% problem decompose
@inproceedings{wu2022ai,
  title={Ai chains: Transparent and controllable human-ai interaction by chaining large language model prompts},
  author={Wu, Tongshuang and Terry, Michael and Cai, Carrie Jun},
  booktitle={Proceedings of the 2022 CHI Conference on Human Factors in Computing Systems},
  pages={1--22},
  year={2022}
}
@article{yang2022seqzero,
  title={SEQZERO: Few-shot compositional semantic parsing with sequential prompts and zero-shot models},
  author={Yang, Jingfeng and Jiang, Haoming and Yin, Qingyu and Zhang, Danqing and Yin, Bing and Yang, Diyi},
  journal={arXiv preprint arXiv:2205.07381},
  year={2022}
}
@inproceedings{wang2022iteratively,
  title={Iteratively prompt pre-trained language models for chain of thought},
  author={Wang, Boshi and Deng, Xiang and Sun, Huan},
  booktitle={Proceedings of the 2022 Conference on Empirical Methods in Natural Language Processing},
  pages={2714--2730},
  year={2022}
}
@article{sun2023enhancing,
  title={Enhancing Chain-of-Thoughts Prompting with Iterative Bootstrapping in Large Language Models},
  author={Sun, Jiashuo and Luo, Yi and Gong, Yeyun and Lin, Chen and Shen, Yelong and Guo, Jian and Duan, Nan},
  journal={arXiv preprint arXiv:2304.11657},
  year={2023}
}
% reasoning + self-eval
@article{paul2023refiner,
  title={REFINER: Reasoning Feedback on Intermediate Representations},
  author={Paul, Debjit and Ismayilzada, Mete and Peyrard, Maxime and Borges, Beatriz and Bosselut, Antoine and West, Robert and Faltings, Boi},
  journal={arXiv preprint arXiv:2304.01904},
  year={2023}
}
@article{welleck2022generating,
  title={Generating Sequences by Learning to Self-Correct},
  author={Welleck, Sean and Lu, Ximing and West, Peter and Brahman, Faeze and Shen, Tianxiao and Khashabi, Daniel and Choi, Yejin},
  journal={arXiv preprint arXiv:2211.00053},
  year={2022}
}
@article{xie2023decomposition,
  title={Decomposition Enhances Reasoning via Self-Evaluation Guided Decoding},
  author={Xie, Yuxi and Kawaguchi, Kenji and Zhao, Yiran and Zhao, Xu and Kan, Min-Yen and He, Junxian and Xie, Qizhe},
  journal={arXiv preprint arXiv:2305.00633},
  year={2023}
}
@article{yao2023tree,
  title={Tree of thoughts: Deliberate problem solving with large language models},
  author={Yao, Shunyu and Yu, Dian and Zhao, Jeffrey and Shafran, Izhak and Griffiths, Thomas L and Cao, Yuan and Narasimhan, Karthik},
  journal={arXiv preprint arXiv:2305.10601},
  year={2023}
}
@article{toussaint2003learning,
  title={Learning a world model and planning with a self-organizing, dynamic neural system},
  author={Toussaint, Marc},
  journal={Advances in neural information processing systems},
  volume={16},
  year={2003}
}
% MCTS + reasoning
@article{zhu2022solving,
  title={Solving Math Word Problem via Cooperative Reasoning induced Language Models},
  author={Zhu, Xinyu and Wang, Junjie and Zhang, Lin and Zhang, Yuxiang and Gan, Ruyi and Zhang, Jiaxing and Yang, Yujiu},
  journal={arXiv preprint arXiv:2210.16257},
  year={2022}
}
% planning with LLM
@article{ahn2022can,
  title={Do as i can, not as i say: Grounding language in robotic affordances},
  author={Ahn, Michael and Brohan, Anthony and Brown, Noah and Chebotar, Yevgen and Cortes, Omar and David, Byron and Finn, Chelsea and Gopalakrishnan, Keerthana and Hausman, Karol and Herzog, Alex and others},
  journal={arXiv preprint arXiv:2204.01691},
  year={2022}
}
@article{yuan2023plan4mc,
  title={Plan4MC: Skill Reinforcement Learning and Planning for Open-World Minecraft Tasks},
  author={Yuan, Haoqi and Zhang, Chi and Wang, Hongcheng and Xie, Feiyang and Cai, Penglin and Dong, Hao and Lu, Zongqing},
  journal={arXiv preprint arXiv:2303.16563},
  year={2023}
}
@article{wang2023describe,
  title={Describe, explain, plan and select: Interactive planning with large language models enables open-world multi-task agents},
  author={Wang, Zihao and Cai, Shaofei and Liu, Anji and Ma, Xiaojian and Liang, Yitao},
  journal={arXiv preprint arXiv:2302.01560},
  year={2023}
}
@article{lyu2023faithful,
  title={Faithful chain-of-thought reasoning},
  author={Lyu, Qing and Havaldar, Shreya and Stein, Adam and Zhang, Li and Rao, Delip and Wong, Eric and Apidianaki, Marianna and Callison-Burch, Chris},
  journal={arXiv preprint arXiv:2301.13379},
  year={2023}
}
@article{liu2023llm+,
  title={LLM+ P: Empowering Large Language Models with Optimal Planning Proficiency},
  author={Liu, Bo and Jiang, Yuqian and Zhang, Xiaohan and Liu, Qiang and Zhang, Shiqi and Biswas, Joydeep and Stone, Peter},
  journal={arXiv preprint arXiv:2304.11477},
  year={2023}
}

@article{creswell2022selection,
  title={Selection-inference: Exploiting large language models for interpretable logical reasoning},
  author={Creswell, Antonia and Shanahan, Murray and Higgins, Irina},
  journal={arXiv preprint arXiv:2205.09712},
  year={2022}
}

@article{lample2022hypertree,
  title={Hypertree proof search for neural theorem proving},
  author={Lample, Guillaume and Lacroix, Timothee and Lachaux, Marie-Anne and Rodriguez, Aurelien and Hayat, Amaury and Lavril, Thibaut and Ebner, Gabriel and Martinet, Xavier},
  journal={Advances in Neural Information Processing Systems},
  volume={35},
  pages={26337--26349},
  year={2022}
}

@inproceedings{levesque2012winograd,
  title={The winograd schema challenge},
  author={Levesque, Hector and Davis, Ernest and Morgenstern, Leora},
  booktitle={Thirteenth international conference on the principles of knowledge representation and reasoning},
  year={2012}
}

@article{davis2015commonsense,
  title={Commonsense reasoning and commonsense knowledge in artificial intelligence},
  author={Davis, Ernest and Marcus, Gary},
  journal={Communications of the ACM},
  volume={58},
  number={9},
  pages={92--103},
  year={2015},
  publisher={ACM New York, NY, USA}
}

@misc{mccarthy1959programs,
  title={Programs with common sense},
  author={McCarthy, John},
  year={1959},
  publisher={London}
}

@inproceedings{clark2021transformers,
  title={Transformers as soft reasoners over language},
  author={Clark, Peter and Tafjord, Oyvind and Richardson, Kyle},
  booktitle={Proceedings of the Twenty-Ninth International Conference on International Joint Conferences on Artificial Intelligence},
  pages={3882--3890},
  year={2021}
}

@incollection{barwise1977introduction,
  title={An introduction to first-order logic},
  author={Barwise, Jon},
  booktitle={Studies in Logic and the Foundations of Mathematics},
  volume={90},
  pages={5--46},
  year={1977},
  publisher={Elsevier}
}

@article{nye2021show,
  title={Show your work: Scratchpads for intermediate computation with language models},
  author={Nye, Maxwell and Andreassen, Anders Johan and Gur-Ari, Guy and Michalewski, Henryk and Austin, Jacob and Bieber, David and Dohan, David and Lewkowycz, Aitor and Bosma, Maarten and Luan, David and others},
  journal={arXiv preprint arXiv:2112.00114},
  year={2021}
}

@article{kojima2022large,
  title={Large language models are zero-shot reasoners},
  author={Kojima, Takeshi and Gu, Shixiang Shane and Reid, Machel and Matsuo, Yutaka and Iwasawa, Yusuke},
  journal={arXiv preprint arXiv:2205.11916},
  year={2022}
}

@article{lewkowycz2022solving,
  title={Solving quantitative reasoning problems with language models},
  author={Lewkowycz, Aitor and Andreassen, Anders and Dohan, David and Dyer, Ethan and Michalewski, Henryk and Ramasesh, Vinay and Slone, Ambrose and Anil, Cem and Schlag, Imanol and Gutman-Solo, Theo and others},
  journal={arXiv preprint arXiv:2206.14858},
  year={2022}
}

@article{li2022advance,
  title={On the advance of making language models better reasoners},
  author={Li, Yifei and Lin, Zeqi and Zhang, Shizhuo and Fu, Qiang and Chen, Bei and Lou, Jian-Guang and Chen, Weizhu},
  journal={arXiv preprint arXiv:2206.02336},
  year={2022}
}

@misc{puig2018virtualhome,
      title={VirtualHome: Simulating Household Activities via Programs}, 
      author={Xavier Puig and Kevin Ra and Marko Boben and Jiaman Li and Tingwu Wang and Sanja Fidler and Antonio Torralba},
      year={2018},
      eprint={1806.07011},
      archivePrefix={arXiv},
      primaryClass={cs.CV}
}

@article{madaan2023self,
  title={Self-refine: Iterative refinement with self-feedback},
  author={Madaan, Aman and Tandon, Niket and Gupta, Prakhar and Hallinan, Skyler and Gao, Luyu and Wiegreffe, Sarah and Alon, Uri and Dziri, Nouha and Prabhumoye, Shrimai and Yang, Yiming and others},
  journal={arXiv preprint arXiv:2303.17651},
  year={2023}
}

@article{Shinn2023ReflexionAA,
  title={Reflexion: an autonomous agent with dynamic memory and self-reflection},
  author={Noah Shinn and Beck Labash and Ashwin Gopinath},
  journal={ArXiv},
  year={2023},
  volume={abs/2303.11366}
}

@article{huang2022towards,
  title={Towards Reasoning in Large Language Models: A Survey},
  author={Huang, Jie and Chang, Kevin Chen-Chuan},
  journal={arXiv preprint arXiv:2212.10403},
  year={2022}
}

@article{mialon2023augmented,
  title={Augmented language models: a survey},
  author={Mialon, Gr{\'e}goire and Dess{\`\i}, Roberto and Lomeli, Maria and Nalmpantis, Christoforos and Pasunuru, Ram and Raileanu, Roberta and Rozi{\`e}re, Baptiste and Schick, Timo and Dwivedi-Yu, Jane and Celikyilmaz, Asli and others},
  journal={arXiv preprint arXiv:2302.07842},
  year={2023}
}

@article{anil2023palm,
  title={PaLM 2 Technical Report},
  author={Anil, Rohan and Dai, Andrew M and Firat, Orhan and Johnson, Melvin and Lepikhin, Dmitry and Passos, Alexandre and Shakeri, Siamak and Taropa, Emanuel and Bailey, Paige and Chen, Zhifeng and others},
  journal={arXiv preprint arXiv:2305.10403},
  year={2023}
}

@book{johnson1983mental,
  title={Mental models: Towards a cognitive science of language, inference, and consciousness},
  author={Johnson-Laird, Philip Nicholas},
  number={6},
  year={1983},
  publisher={Harvard University Press}
}

@article{tolman1948cognitive,
  title={Cognitive maps in rats and men.},
  author={Tolman, Edward C},
  journal={Psychological review},
  volume={55},
  number={4},
  pages={189},
  year={1948},
  publisher={American Psychological Association}
}

@article{briscoe2011mental,
  title={Mental imagery and the varieties of amodal perception},
  author={Briscoe, Robert Eamon},
  journal={Pacific Philosophical Quarterly},
  volume={92},
  number={2},
  pages={153--173},
  year={2011},
  publisher={Wiley Online Library}
}

@book{schulkin2012action,
  title={Action, perception and the brain: Adaptation and cephalic expression},
  author={Schulkin, Jay},
  year={2012},
  publisher={Springer}
}

@article{johnson2010mental,
  title={Mental models and human reasoning},
  author={Johnson-Laird, Philip N},
  journal={Proceedings of the National Academy of Sciences},
  volume={107},
  number={43},
  pages={18243--18250},
  year={2010},
  publisher={National Acad Sciences}
}

@book{gentner2014mental,
  title={Mental models},
  author={Gentner, Dedre and Stevens, Albert L},
  year={2014},
  publisher={Psychology Press}
}

@article{yu2022alert,
  title={ALERT: Adapting Language Models to Reasoning Tasks},
  author={Yu, Ping and Wang, Tianlu and Golovneva, Olga and Alkhamissy, Badr and Ghosh, Gargi and Diab, Mona and Celikyilmaz, Asli},
  journal={arXiv preprint arXiv:2212.08286},
  year={2022}
}

@article{silver2017mastering,
  title={Mastering chess and shogi by self-play with a general reinforcement learning algorithm},
  author={Silver, David and Hubert, Thomas and Schrittwieser, Julian and Antonoglou, Ioannis and Lai, Matthew and Guez, Arthur and Lanctot, Marc and Sifre, Laurent and Kumaran, Dharshan and Graepel, Thore and others},
  journal={arXiv preprint arXiv:1712.01815},
  year={2017}
}

@article{schrittwieser2020mastering,
  title={Mastering atari, go, chess and shogi by planning with a learned model},
  author={Schrittwieser, Julian and Antonoglou, Ioannis and Hubert, Thomas and Simonyan, Karen and Sifre, Laurent and Schmitt, Simon and Guez, Arthur and Lockhart, Edward and Hassabis, Demis and Graepel, Thore and others},
  journal={Nature},
  volume={588},
  number={7839},
  pages={604--609},
  year={2020},
  publisher={Nature Publishing Group UK London}
}

@inproceedings{hafner2019learning,
  title={Learning latent dynamics for planning from pixels},
  author={Hafner, Danijar and Lillicrap, Timothy and Fischer, Ian and Villegas, Ruben and Ha, David and Lee, Honglak and Davidson, James},
  booktitle={International conference on machine learning},
  pages={2555--2565},
  year={2019},
  organization={PMLR}
}

@article{matsuo2022deep,
  title={Deep learning, reinforcement learning, and world models},
  author={Matsuo, Yutaka and LeCun, Yann and Sahani, Maneesh and Precup, Doina and Silver, David and Sugiyama, Masashi and Uchibe, Eiji and Morimoto, Jun},
  journal={Neural Networks},
  year={2022},
  publisher={Elsevier}
}

@book{camacho2013model,
  title={Model predictive control},
  author={Camacho, Eduardo F and Alba, Carlos Bordons},
  year={2013},
  publisher={Springer science \& business media}
}

@article{huang2022inner,
  title={Inner monologue: Embodied reasoning through planning with language models},
  author={Huang, Wenlong and Xia, Fei and Xiao, Ted and Chan, Harris and Liang, Jacky and Florence, Pete and Zeng, Andy and Tompson, Jonathan and Mordatch, Igor and Chebotar, Yevgen and others},
  journal={arXiv preprint arXiv:2207.05608},
  year={2022}
}

@article{kratzer2007situations,
  title={Situations in natural language semantics},
  author={Kratzer, Angelika},
  year={2007}
}

@article{zwaan2012revisiting,
  title={Revisiting mental simulation in language comprehension: Six replication attempts},
  author={Zwaan, Rolf A and Pecher, Diane},
  journal={PloS one},
  volume={7},
  number={12},
  pages={e51382},
  year={2012},
  publisher={Public Library of Science San Francisco, USA}
}

@article{jojic2023gpt,
  title={GPT is becoming a Turing machine: Here are some ways to program it},
  author={Jojic, Ana and Wang, Zhen and Jojic, Nebojsa},
  journal={arXiv preprint arXiv:2303.14310},
  year={2023}
}

@article{williams2018information,
  title={Information-theoretic model predictive control: Theory and applications to autonomous driving},
  author={Williams, Grady and Drews, Paul and Goldfain, Brian and Rehg, James M and Theodorou, Evangelos A},
  journal={IEEE Transactions on Robotics},
  volume={34},
  number={6},
  pages={1603--1622},
  year={2018},
  publisher={IEEE}
}

@article{carbonell1991prodigy,
  title={Prodigy: An integrated architecture for planning and learning},
  author={Carbonell, Jaime and Etzioni, Oren and Gil, Yolanda and Joseph, Robert and Knoblock, Craig and Minton, Steve and Veloso, Manuela},
  journal={ACM SIGART Bulletin},
  volume={2},
  number={4},
  pages={51--55},
  year={1991},
  publisher={ACM New York, NY, USA}
}

@article{nau2003shop2,
  title={SHOP2: An HTN planning system},
  author={Nau, Dana S and Au, Tsz-Chiu and Ilghami, Okhtay and Kuter, Ugur and Murdock, J William and Wu, Dan and Yaman, Fusun},
  journal={Journal of artificial intelligence research},
  volume={20},
  pages={379--404},
  year={2003}
}

@techreport{mccarthy1963situations,
  title={Situations, actions, and causal laws},
  author={McCarthy, John},
  year={1963},
  institution={STANFORD UNIV CA DEPT OF COMPUTER SCIENCE}
}

@article{bylander1994computational,
  title={The computational complexity of propositional STRIPS planning},
  author={Bylander, Tom},
  journal={Artificial Intelligence},
  volume={69},
  number={1-2},
  pages={165--204},
  year={1994},
  publisher={Elsevier}
}

@article{jiang2019task,
  title={Task planning in robotics: an empirical comparison of pddl-and asp-based systems},
  author={Jiang, Yu-qian and Zhang, Shi-qi and Khandelwal, Piyush and Stone, Peter},
  journal={Frontiers of Information Technology \& Electronic Engineering},
  volume={20},
  pages={363--373},
  year={2019},
  publisher={Springer}
}

@article{ding2023task,
  title={Task and motion planning with large language models for object rearrangement},
  author={Ding, Yan and Zhang, Xiaohan and Paxton, Chris and Zhang, Shiqi},
  journal={arXiv preprint arXiv:2303.06247},
  year={2023}
}

@inproceedings{huang2022language,
  title={Language models as zero-shot planners: Extracting actionable knowledge for embodied agents},
  author={Huang, Wenlong and Abbeel, Pieter and Pathak, Deepak and Mordatch, Igor},
  booktitle={International Conference on Machine Learning},
  pages={9118--9147},
  year={2022},
  organization={PMLR}
}

@article{singh2022progprompt,
  title={Progprompt: Generating situated robot task plans using large language models},
  author={Singh, Ishika and Blukis, Valts and Mousavian, Arsalan and Goyal, Ankit and Xu, Danfei and Tremblay, Jonathan and Fox, Dieter and Thomason, Jesse and Garg, Animesh},
  journal={arXiv preprint arXiv:2209.11302},
  year={2022}
}

@article{lin2023text2motion,
  title={Text2motion: From natural language instructions to feasible plans},
  author={Lin, Kevin and Agia, Christopher and Migimatsu, Toki and Pavone, Marco and Bohg, Jeannette},
  journal={arXiv preprint arXiv:2303.12153},
  year={2023}
}

@inproceedings{sekar2020planning,
  title={Planning to explore via self-supervised world models},
  author={Sekar, Ramanan and Rybkin, Oleh and Daniilidis, Kostas and Abbeel, Pieter and Hafner, Danijar and Pathak, Deepak},
  booktitle={International Conference on Machine Learning},
  pages={8583--8592},
  year={2020},
  organization={PMLR}
}

@inproceedings{shyam2019model,
  title={Model-based active exploration},
  author={Shyam, Pranav and Ja{\'s}kowski, Wojciech and Gomez, Faustino},
  booktitle={International conference on machine learning},
  pages={5779--5788},
  year={2019},
  organization={PMLR}
}

@article{hafner2020mastering,
  title={Mastering atari with discrete world models},
  author={Hafner, Danijar and Lillicrap, Timothy and Norouzi, Mohammad and Ba, Jimmy},
  journal={arXiv preprint arXiv:2010.02193},
  year={2020}
}

@article{ha2018recurrent,
  title={Recurrent world models facilitate policy evolution},
  author={Ha, David and Schmidhuber, J{\"u}rgen},
  journal={Advances in neural information processing systems},
  volume={31},
  year={2018}
}

@inproceedings{wu2023daydreamer,
  title={Daydreamer: World models for physical robot learning},
  author={Wu, Philipp and Escontrela, Alejandro and Hafner, Danijar and Abbeel, Pieter and Goldberg, Ken},
  booktitle={Conference on Robot Learning},
  pages={2226--2240},
  year={2023},
  organization={PMLR}
}

@article{hafner2019dream,
  title={Dream to control: Learning behaviors by latent imagination},
  author={Hafner, Danijar and Lillicrap, Timothy and Ba, Jimmy and Norouzi, Mohammad},
  journal={arXiv preprint arXiv:1912.01603},
  year={2019}
}

@book{gasparski2014designology,
  title={Designology: Studies on Planning for Action},
  author={Gasparski, Wojciech W and Orel, Tufan},
  volume={1},
  year={2014},
  publisher={Transaction Publishers}
}

@article{ho2021control,
  title={Control of mental representations in human planning},
  author={Ho, Mark K and Abel, David and Correa, Carlos G and Littman, Michael L and Cohen, Jonathan D and Griffiths, Thomas L},
  journal={arXiv e-prints},
  pages={arXiv--2105},
  year={2021}
}

@inproceedings{kocsis2006bandit,
  title={Bandit based monte-carlo planning},
  author={Kocsis, Levente and Szepesv{\'a}ri, Csaba},
  booktitle={Machine Learning: ECML 2006: 17th European Conference on Machine Learning Berlin, Germany, September 18-22, 2006 Proceedings 17},
  pages={282--293},
  year={2006},
  organization={Springer}
}

@inproceedings{coulom2007efficient,
  title={Efficient selectivity and backup operators in Monte-Carlo tree search},
  author={Coulom, R{\'e}mi},
  booktitle={Computers and Games: 5th International Conference, CG 2006, Turin, Italy, May 29-31, 2006. Revised Papers 5},
  pages={72--83},
  year={2007},
  organization={Springer}
}
@article{baddeley1992working,
  title={Working memory},
  author={Baddeley, Alan},
  journal={Science},
  volume={255},
  number={5044},
  pages={556--559},
  year={1992},
  publisher={American Association for the Advancement of Science}
}

@article{huys2012bonsai,
  title={Bonsai trees in your head: how the pavlovian system sculpts goal-directed choices by pruning decision trees},
  author={Huys, Quentin JM and Eshel, Neir and O'Nions, Elizabeth and Sheridan, Luke and Dayan, Peter and Roiser, Jonathan P},
  journal={PLoS computational biology},
  volume={8},
  number={3},
  pages={e1002410},
  year={2012},
  publisher={Public Library of Science San Francisco, USA}
}
@inproceedings{hao2023bertnet,
  title={BertNet: Harvesting Knowledge Graphs with Arbitrary Relations from Pretrained Language Models},
  author={Hao, Shibo and Tan, Bowen and Tang, Kaiwen and Ni, Bin and Shao, Xiyan and Zhang, Hengzhe and Xing, Eric and Hu, Zhiting},
  booktitle={Findings of the Association for Computational Linguistics: ACL 2023},
  pages={5000--5015},
  year={2023}
}

@article{hao2023toolkengpt,
  title={ToolkenGPT: Augmenting Frozen Language Models with Massive Tools via Tool Embeddings},
  author={Hao, Shibo and Liu, Tianyang and Wang, Zhen and Hu, Zhiting},
  journal={Advances in neural information processing systems},
  volume={36},
  year={2023}
}

@article{schick2023toolformer,
  title={Toolformer: Language models can teach themselves to use tools},
  author={Schick, Timo and Dwivedi-Yu, Jane and Dess{\`\i}, Roberto and Raileanu, Roberta and Lomeli, Maria and Zettlemoyer, Luke and Cancedda, Nicola and Scialom, Thomas},
  journal={arXiv preprint arXiv:2302.04761},
  year={2023}
}

@article{xiang2023language,
  title={Language Models Meet World Models: Embodied Experiences Enhance Language Models},
  author={Xiang, Jiannan and Tao, Tianhua and Gu, Yi and Shu, Tianmin and Wang, Zirui and Yang, Zichao and Hu, Zhiting},
  journal={Advances in neural information processing systems},
  volume={36},
  year={2023}
}